<record><leader>00000cas a22000007a 4500</leader><controlfield tag="001">23209176</controlfield><controlfield tag="008">910308d19011901coudn ne      0    0eng d</controlfield><datafield ind1=" " ind2=" " tag="010"><subfield code="a">sn 91052278 </subfield></datafield><datafield ind1=" " ind2=" " tag="040"><subfield code="a">CNQ</subfield><subfield code="b">eng</subfield><subfield code="c">CNQ</subfield><subfield code="d">OCLCQ</subfield></datafield><datafield ind1=" " ind2=" " tag="042"><subfield code="a">msc</subfield></datafield><datafield ind1="0" ind2=" " tag="130"><subfield code="a">Evening mail (Colorado Springs, Colo. : 1901)</subfield></datafield><datafield ind1="1" ind2="4" tag="245"><subfield code="a">The evening mail.</subfield></datafield><datafield ind1=" " ind2=" " tag="260"><subfield code="a">Colorado Springs, Colo. :</subfield><subfield code="b">Mail Pub. Co.</subfield></datafield><datafield ind1=" " ind2=" " tag="300"><subfield code="a">v.</subfield></datafield><datafield ind1=" " ind2=" " tag="310"><subfield code="a">Daily (except Sun.)</subfield></datafield><datafield ind1="0" ind2=" " tag="362"><subfield code="a">Vol. 1, no. 1 (Apr. 3, 1901)-v. 1, no. 201 (Nov. 30, 1901).</subfield></datafield><datafield ind1=" " ind2=" " tag="752"><subfield code="a">United States</subfield><subfield code="b">Colorado</subfield><subfield code="c">El Paso</subfield><subfield code="d">Colorado Springs.</subfield></datafield><datafield ind1="0" ind2="7" tag="785"><subfield code="t">Colorado telegraph</subfield><subfield code="w">(DLC)sn 90051417</subfield></datafield><datafield ind1="0" ind2="7" tag="785"><subfield code="t">Evening telegraph and evening mail</subfield><subfield code="w">(DLC)sn 91052476</subfield></datafield></record>